@Article{ Mandl2005,
	author = "Stefan Mandl",
	file = ":home/david/svn/comp6026/docs/tetris.pdf:pdf",
	journal = "Science",
	title = "{An Evolutionary Approach to Tetris}",
	year = "2005"
}

@Misc{ AboutTetris,
	title = "About Tetris",
	author = "The Tetris Company",
	howpublished = "\url{http://www.tetris.com/about-tetris/index.aspx}",
	year = "2009"
}

@Misc{ TetrisAI,
	title = "Tetris AI",
	author = "Colin P. Fahey",
	howpublished = "\url{http://www.colinfahey.com}",
	year = "2003"
}

@Misc{ Wolfram,
	title = "Normal Distribution",
	author = "Wolfram Alpha",
	howpublished = "\url{http://www.wolframalpha.com/input/?i=normal+distribution+mean+1+standard+deviation+0.01}"
}

@Misc{ Qt,
	title = "Qt Toolkit",
	author = "Nokia",
	howpublished = "\url{http://qt.nokia.com/}"
}

@Misc{ BoostRandom,
	title = "Boost Random Number Library",
	howpublished = "\url{http://www.boost.org/doc/libs/release/libs/random}"
}

@Misc{ GooglePerftools,
	title = "Google perftools",
	author = "Google",
	howpublished = "\url{http://code.google.com/p/google-perftools/}"
}

